@article{2023,   author={Siyuan Chen},title={A study of bank credit strategy based on logistic model},  volume={6},  url={http://dx.doi.org/10.23977/ferm.2023.060213},  DOI={10.23977/ferm.2023.060213},  number={2},  journal={Financial Engineering and Risk Management},  year={2023},  month={Jan},  language={en-US}  }

@article{Abid_2022,   title={A Logistic Regression Model for Credit Risk of Companies in the Service Sector},  journal={International research in economics and finance,International research in economics and finance},  author={Abid, Lobna},  year={2022},  month={May},  language={en-US}  }
@article{YZJI202206016,
	author = {  霍思彤 and 郑新毅},
	
	title = {供应链服务业务中企业信用评级方法研究},
	journal = {一重技术},
	volume = {},
	pages = {69-72},
	year = {2022},
	issn = {1673-3355},
} 
@article{2021Classification,
	title={Classification with segmentation for credit scoring and bankruptcy prediction},
	author={ Boughaci, Dalila  and  Alkhawaldeh, Abdullah A. K.  and  Jaber, Jamil J.  and  Hamadneh, Nawaf },
	journal={Empirical Economics},
	volume={61},
	year={2021},
}

@article{Baser_Koc_Selcuk-Kestel_2023,   title={Credit risk evaluation using clustering based fuzzy classification method},  url={http://dx.doi.org/10.1016/j.eswa.2023.119882},  DOI={10.1016/j.eswa.2023.119882},  journal={Expert Systems with Applications},  author={Baser, Furkan and Koc, Oguz and Selcuk-Kestel, A. Sevtap},  year={2023},  month={Aug},  pages={119882},  language={en-US}  }


@article{Golbayani_Florescu_Chatterjee_2020,   title={A comparative study of forecasting Corporate Credit Ratings using Neural Networks, Support Vector Machines, and Decision Trees},  journal={RePEc: Research Papers in Economics - RePEc,RePEc: Research Papers in Economics - RePEc},  author={Golbayani, Parisa and Florescu, Ionuc{t} and Chatterjee, Rupak},  year={2020},  month={Jan},  language={en-US}  }

@article{Chen_2024,   title={Interpretable machine learning for imbalanced credit scoring datasets},  url={http://dx.doi.org/10.1016/j.ejor.2023.06.036},  DOI={10.1016/j.ejor.2023.06.036},  journal={European Journal of Operational Research},  author={Chen, Yujia and Calabrese, Raffaella and Martin-Barragan, Belen},  year={2024},  month={Jan},  pages={357–372},  language={en-US}  }

@article{XDBY202105045,
	author = {  宋永明 and 胡君},
	
	title = {基于TOPSIS方法的中小企业信用风险评价——以山东省制造业中小企业为例},
	journal = {现代商业},
	volume = {},
	pages = {142-144},
	year = {2021},
	issn = {1673-5889},
	doi = {10.14097/j.cnki.5392/2021.05.045}
}    
@article{TJLS202101009,
	author = {李晓寒},
	
	title = {信用评级对非金融企业资本结构的影响——基于中国企业的表现},
	journal = {统计理论与实践},
	volume = {},
	pages = {58-66},
	year = {2021},
	issn = {2096-8647},
}  

@article{CKYK201514008,
	author = { 罗勇 and 陈治亚},
	
	title = {基于模糊综合法构建供应链金融客户信用评价指标体系},
	journal = {财会月刊},
	volume = {},
	pages = {43-46},
	year = {2015},
	issn = {1004-0994},
	doi = {10.19641/j.cnki.42-1290/f.2015.14.008}
} 

@article{Saha_2020,   title={Predicting the deforestation probability using the binary logistic regression, random forest, ensemble rotational forest, REPTree: A case study at the Gumani River Basin, India},  volume={730},  url={http://dx.doi.org/10.1016/j.scitotenv.2020.139197},  DOI={10.1016/j.scitotenv.2020.139197},  journal={Science of The Total Environment},  author={Saha, Sunil and Saha, Mantosh and Mukherjee, Kaustuv and Arabameri, Alireza and Ngo, Phuong Thao Thi and Paul, Gopal Chandra},  year={2020},  month={Aug},  pages={139197},  language={en-US}  }   

@article{GXQG202204017,
	author = {  阳彩霞 and 阳平华 and 何杰},
	
	title = {基于BP神经网络的供应商信用评价分析——以造价通为例},
	journal = {轻工科技},
	volume = {38},
	pages = {50-52},
	year = {2022},
	issn = {2095-3518},
}    

@article{Bao_Lianju_Yue_2019,   title={Integration of unsupervised and supervised machine learning algorithms for credit risk assessment},  volume={128},  url={http://dx.doi.org/10.1016/j.eswa.2019.02.033},  DOI={10.1016/j.eswa.2019.02.033},  journal={Expert Systems with Applications},  author={Bao, Wang and Lianju, Ning and Yue, Kong},  year={2019},  month={Aug},  pages={301–315},  language={en-US}  }

@article{Baser_2023,   title={Credit risk evaluation using clustering based fuzzy classification method},  url={http://dx.doi.org/10.1016/j.eswa.2023.119882},  DOI={10.1016/j.eswa.2023.119882},  journal={Expert Systems with Applications},  author={Baser, Furkan and Koc, Oguz and Selcuk-Kestel, A. Sevtap},  year={2023},  month={Aug},  pages={119882},  language={en-US}  }
@article{Sun_Li_Fujita_2022,  
	title={Multi-class imbalanced enterprise credit evaluation based on asymmetric bagging combined with light gradient boosting machine}, 
	volume={130}, 
	url={http://dx.doi.org/10.1016/j.asoc.2022.109637}, 
	DOI={10.1016/j.asoc.2022.109637}, 
	journal={Applied Soft Computing}, 
	author={Sun, Jie and Li, Jie and Fujita, Hamido}, 
	year={2022}, 
	month={Nov}, 
	pages={109637}, 
	language={en-US} 
}

@article{2016The,
	title={The use of profit scoring as an alternative to credit scoring systems in peer-to-peer (P2P) lending},
	author={ Serrano-Cinca, Carlos  and Begoa Gutiérrez-Nieto},
	journal={Decision Support Systems},
	volume={89},
	number={C},
	pages={113-122},
	year={2016},
}

@article{HNJG202110005,
	author = { 徐德顺 and 马凡慧 and 寇明珠},
	
	title = {基于三重积分原理的企业三维信用评价模型研究},
	journal = {征信},
	volume = {39},
	pages = {22-28},
	year = {2021},
	issn = {1674-747X},
}   


@article{GHZJ202307010,
	author = {  姚定俊 and 顾越 and 陈威},
	
	title = {基于RF-LSMA-SVM模型的中小微企业信用风险评价研究},
	journal = {工业技术经济},
	volume = {42},
	pages = {85-94},
	year = {2023},
	issn = {1004-910X},
}    
@article{ZWGD202305001,
	author = {  周颖 and 张志鹏},
	
	title = {基于违约企业分布约束的上市公司信用等级划分模型},
	journal = {管理评论},
	volume = {35},
	pages = {3-18},
	year = {2023},
	issn = {1003-1952},
	doi = {10.14120/j.cnki.cn11-5057/f.2023.05.011}
} 

@article{Qian_Ma_Gao_Song_2023,   title={Soft reordering one-dimensional convolutional neural network for credit scoring},  volume={266},  url={http://dx.doi.org/10.1016/j.knosys.2023.110414},  DOI={10.1016/j.knosys.2023.110414},  journal={Knowledge-Based Systems},  author={Qian, Hongyi and Ma, Ping and Gao, Songfeng and Song, You},  year={2023},  month={Apr},  pages={110414},  language={en-US}  }

@article{2013Quantitative,
	title={Quantitative credit risk assessment using support vector machines: Broad versus Narrow default definitions},
	author={ Harris, Terry },
	journal={Expert Systems with Applications},
	volume={40},
	number={11},
	pages={4404-4413},
	year={2013},
}
@article{2012Macroeconomic,
	title={Macroeconomic Determinants Of Loan Portfolio Credit Risk In Banks},
	author={ Mileris, Ricardas },
	journal={Inzinerine Ekonomika Engineering Economics},
	volume={23},
	number={5},
	pages={496-504},
	year={2012},
}   
  
@article{ZGYB202305013,
	author = {  董秉坤 and 郑陈柔雨 and 原源 and 李嘉媛},
	
	title = {基于AHP-熵值组合赋权法的卷烟零售户信用评价模型研究},
	journal = {中国烟草学报},
	volume = {29},
	pages = {104-111},
	year = {2023},
	issn = {1004-5708},
	doi = {10.16472/j.chinatobacco.2022.010}
} 

@article{Ishizaka_2023,   title={Developing an integrated fuzzy credit rating system for SMEs using fuzzy-BWM and fuzzy-TOPSIS-Sort-C},  url={http://dx.doi.org/10.1007/s10479-022-04704-5},  DOI={10.1007/s10479-022-04704-5},  journal={Annals of Operations Research},  author={Kumar Roy, Pranith and Shaw, Krishnendu and Ishizaka, Alessio},  year={2023},  month={Jun},  pages={1197–1229},  language={en-US}  }
   
   
@article{XPJX202218004,
	author = {王灿},
	
	title = {基于不平衡数据与集成学习算法的信用评价模型},
	journal = {中国新技术新产品},
	volume = {},
	pages = {10-12},
	year = {2022},
	issn = {1673-9957},
	doi = {10.13612/j.cnki.cntp.2022.18.034}
}    
@article{JMDB202205040,
	author = {任向英},
	
	title = {基于灰聚类的中小企业信用等级评价及应用探究},
	journal = {佳木斯大学学报(自然科学版)},
	volume = {40},
	pages = {156-159},
	year = {2022},
	issn = {1008-1402},
}    
@article{XMGJ202206004,
	author = {  刘英杰 and     李光辉 and 马锐鑫},
	title = {基于改进灰色关联模型的工程监理企业信用评价等级},
	journal = {项目管理技术},
	volume = {20},
	pages = {22-27},
	year = {2022},
	issn = {1672-4313},
}  
@article{STYS202210010,
	
	author = {王鑫 and 王莹},
	
	title = {基于LSTM-CNN的中小企业信用风险预测},
	
	journal = {系统科学与数学},
	
	volume = {42},
	
	number = {10},
	
	pages = {2698-2711},
	
	year = {2022},
	
	issn = {1000-0577},
	
	doi ={}
	
}
@article{WJFZ202205021,
	
	author = {钟世钦},
	
	title = {基于卷积神经网络的网贷违约风险模型研究},
	
	journal = {计算机技术与发展},
	
	volume = {32},
	
	number = {05},
	
	pages = {123-129},
	
	year = {2022},
	
	issn = {1673-629X},
	
	doi ={}
	
}

@article{JSJA2022S2002,
	
	author = {周帆 and 陈晓蝶 and 钟婷 and 吴劲},
	
	title = {面向金融科技的深度学习技术综述},
	
	journal = {计算机科学},
	
	volume = {49},
	
	number = {S2},
	
	pages = {20-36},
	
	year = {2022},
	
	issn = {1002-137X},
	
	doi ={}
	
}
@article{Chen2013,   title={Hybrid models based on rough set classifiers for setting credit rating decision rules in the global banking industry},  volume={39},  url={http://dx.doi.org/10.1016/j.knosys.2012.11.004},  DOI={10.1016/j.knosys.2012.11.004},  journal={Knowledge-Based Systems},  author={Chen, You-Shyang and Cheng, Ching-Hsue},  year={2013},  month={Feb},  pages={224–239},  language={en-US}  }

@inbook{Duan2021,   title={PD-Implied Ratings via Referencing a Credit Rating/Scoring Pool’s Default Experience},  url={http://dx.doi.org/10.1007/978-3-030-49728-6_6},  DOI={10.1007/978-3-030-49728-6_6},  booktitle={Studies in Computational Intelligence,Behavioral Predictive Modeling in Economics},  author={Duan, Jin-Chuan and Li, Shuping},  year={2021},  month={Jan},  pages={105–115},  language={en-US}  }
  
@article{XNND202206020,
	author = {  刘翠玲 and     胡聪 and     王鹏 and     洪德华 and 张庭曾},
	
	title = {基于营销大数据的电力客户多维度信用评价模型研究},
	journal = {西南大学学报(自然科学版)},
	volume = {44},
	pages = {198-208},
	year = {2022},
	issn = {1673-9868},
	doi = {10.13718/j.cnki.xdzk.2022.06.020}
}    
@article{XTGL202202005,
	author = {  杨莲 and     石宝峰 and 董轶哲},
	
	title = {基于Class Balanced Loss修正交叉熵的非均衡样本信用风险评价模型},
	journal = {系统管理学报},
	volume = {31},
	pages = {255-269+289},
	year = {2022},
	issn = {1005-2542},
}    
@article{ZDHJ202202038,
	author = {郭鑫},
	
	title = {基于层次分析法的科研信用评价模型优化},
	journal = {自动化技术与应用},
	volume = {41},
	pages = {169-172},
	year = {2022},
	issn = {1003-7241},
}    
 
  
@article{KYGL200306013,
	
	author = {范柏乃,朱文斌},
	
	title = {中小企业信用评价指标的理论遴选与实证分析},
	
	journal = {科研管理},
	
	volume = {},
	
	number = {06},
	
	pages = {83-88},
	
	year = {2003},
	
	issn = {1000-2995},
	
	doi ={10.19571/j.cnki.1000-2995.2003.06.014}
	
}

@article{ZKYB202202011,
	
	author = {曹轲 and 谭冲 and 刘洪 and 郑敏},
	
	title = {基于改进灰狼算法优化BP神经网络的无线传感器网络数据融合算法},
	
	journal = {中国科学院大学学报},
	
	volume = {39},
	
	number = {02},
	
	pages = {232-239},
	
	year = {2022},
	
	issn = {2095-6134},
	
	doi ={}
	
}
    
   
@article{XDBY201932055,
	author = {  郑晓杰 and 王双},
	
	title = {M商业银行对中小型企业客户信用风险评价体系研究},
	journal = {现代商业},
	volume = {},
	pages = {128-129},
	year = {2019},
	issn = {1673-5889},
	doi = {10.14097/j.cnki.5392/2019.32.055}
}  
@article{She2019,   title={A novel ensemble classification model based on neural networks and a classifier optimisation technique for imbalanced credit risk evaluation},  url={http://dx.doi.org/10.1016/j.physa.2019.121073},  DOI={10.1016/j.physa.2019.121073},  journal={Physica A: Statistical Mechanics and its Applications},  author={Shen, Feng and Zhao, Xingchao and Li, Zhiyong and Li, Ke and Meng, Zhiyi},  year={2019},  month={Jul},  pages={121073},  language={en-US}  } 


 @article{r2023,  
	title = {A credit scoring model for SMEs using AHP and TOPSIS}, 
	url = {http://dx.doi.org/10.1002/ijfe.2425}, 
	DOI = {10.1002/ijfe.2425}, 
	journal = {International Journal of Finance \& Economics}, 
	author = {Roy, Pranith K. and Shaw, Krishnendu}, 
	year = {2023}, 
	month = {Jan}, 
	pages = {372–391}, 
	language = {en-US} 
} 
   
@article{Bhato2020,   title={Machine learning techniques for credit risk evaluation: a systematic literature review},  volume={4},  url={http://dx.doi.org/10.1007/s42786-020-00020-3},  DOI={10.1007/s42786-020-00020-3},  number={1},  journal={Journal of Banking and Financial Technology},  author={Bhatore, Siddharth and Mohan, Lalit and Reddy, Y. Raghu},  year={2020},  month={Apr},  pages={111–138},  language={en-US}  }
  
@article{She2021,   title={A new deep learning ensemble credit risk evaluation model with an improved synthetic minority oversampling technique},  url={http://dx.doi.org/10.1016/j.asoc.2020.106852},  DOI={10.1016/j.asoc.2020.106852},  journal={Applied Soft Computing},  author={Shen, Feng and Zhao, Xingchao and Kou, Gang and Alsaadi, Fawaz E.},  year={2021},  month={Jan},  pages={106852},  language={en-US}  }
  
@article{Zh022,   title={Research on Intelligent Comprehensive Evaluation of Coal Seam Impact Risk Based on BP Neural Network Model},  volume={15},  url={http://dx.doi.org/10.3390/en15093292},  DOI={10.3390/en15093292},  number={9},  journal={Energies},  author={Zhang, Kexue and Zhu, Junao and He, Manchao and Jiang, Yaodong and Zhu, Chun and Li, Dong and Kang, Lei and Sun, Jiandong and Chen, Zhiheng and Wang, Xiaoling and Yang, Haijiang and Wu, Yongwei and Yan, Xingcheng},  year={2022},  month={May},  pages={3292},  language={en-US}  }

@article{CJYJ200409002,	
	author = {于立勇 and 詹捷辉},	
	title = {基于Logistic回归分析的违约概率预测研究},	
	journal = {财经研究},	
	volume = {},	
	number = {09},	
	pages = {15-23},	
	year = {2004},	
	issn = {1001-9952},	
	doi ={10.16538/j.cnki.jfe.2004.09.002}
}

@article{_Fadugba_2021,   title={Accuracies of some Learning or Scoring Models for Credit Risk Measurement},  journal={Le Centre pour la Communication Scientifique Directe - HAL - Inria,Le Centre pour la Communication Scientifique Directe - HAL - Inria},  author={Osei, Salomey and Mpinda, BerthineNyunga and Kamdem, JulesSadefo and Fadugba, Jeremiah},  year={2021},  month={Mar},  language={en-US}  }

@inproceedings{Gambo_Zainal_Kassim_2022,   title={A Convolutional Neural Network Model for Credit Card Fraud Detection},  url={http://dx.doi.org/10.1109/icodsa55874.2022.9862930},  DOI={10.1109/icodsa55874.2022.9862930},  booktitle={2022 International Conference on Data Science and Its Applications (ICoDSA)},  author={Gambo, Muhammad Liman and Zainal, Anazida and Kassim, Mohamad Nizam},  year={2022},  month={Jul},  language={en-US}  }

@inbook{Narasimhulu_2019,   title={CNN Data Mining Algorithm for Detecting Credit Card Fraud},  url={http://dx.doi.org/10.1007/978-981-13-0059-2_10},  DOI={10.1007/978-981-13-0059-2_10},  booktitle={Soft Computing and Medical Bioinformatics,SpringerBriefs in Applied Sciences and Technology},  author={Vardhani, P. Ragha and Priyadarshini, Y. Indira and Narasimhulu, Y.},  year={2019},  month={Jan},  pages={85–93},  language={en-US}  }

@article{Xu_Tian_Fu_2022,   title={Default prediction of online credit loans based on mobile application usage behaviors},  volume={43},  url={http://dx.doi.org/10.3233/jifs-211825},  DOI={10.3233/jifs-211825},  number={3},  journal={Journal of Intelligent, Fuzzy Systems},  author={Xu, Meiling and Tian, Boping and Fu, Yongqiang},  year={2022},  month={Jul},  pages={2253–2264},  language={en-US}  }